<record><leader>00000cas a22000007a 4500</leader><controlfield tag="001">9876043</controlfield><controlfield tag="008">830902c19219999ksuwr ne      0    0eng d</controlfield><datafield ind1=" " ind2=" " tag="010"><subfield code="a">sn 83040742 </subfield></datafield><datafield ind1=" " ind2=" " tag="040"><subfield code="a">KSH</subfield><subfield code="b">eng</subfield><subfield code="c">KSH</subfield><subfield code="d">NPT</subfield><subfield code="d">OCLCQ</subfield></datafield><datafield ind1=" " ind2=" " tag="042"><subfield code="a">msc</subfield></datafield><datafield ind1=" " ind2=" " tag="043"><subfield code="a">n-us-ks</subfield></datafield><datafield ind1="0" ind2="4" tag="245"><subfield code="a">The Cedar Vale messenger.</subfield></datafield><datafield ind1=" " ind2=" " tag="260"><subfield code="a">Cedar Vale, Kan. :</subfield><subfield code="b">Wilson &amp; Pate</subfield></datafield><datafield ind1=" " ind2=" " tag="300"><subfield code="a">v. :</subfield><subfield code="b">ill. ;</subfield><subfield code="c">57 cm.</subfield></datafield><datafield ind1=" " ind2=" " tag="310"><subfield code="a">Weekly</subfield></datafield><datafield ind1="1" ind2=" " tag="362"><subfield code="a">Began in 1921.</subfield><subfield code="z">Cf. Ayer, 1924.</subfield></datafield><datafield ind1=" " ind2=" " tag="500"><subfield code="a">Published on Friday.</subfield></datafield><datafield ind1=" " ind2=" " tag="500"><subfield code="a">Editor: L.C. Wilson.</subfield></datafield><datafield ind1=" " ind2=" " tag="525"><subfield code="a">Supplements accompany some issues.</subfield></datafield><datafield ind1=" " ind2=" " tag="530"><subfield code="a">Available on microfilm from Micro Photo.</subfield></datafield><datafield ind1=" " ind2=" " tag="588"><subfield code="a">Description based on: Vol. 1, no. 30 (Oct. 14, 1921).</subfield></datafield><datafield ind1="1" ind2=" " tag="700"><subfield code="a">Wilson, F. C.</subfield></datafield><datafield ind1=" " ind2=" " tag="752"><subfield code="a">United States</subfield><subfield code="b">Kansas</subfield><subfield code="c">Chautauqua</subfield><subfield code="d">Cedar Vale.</subfield></datafield><datafield ind1="0" ind2="5" tag="780"><subfield code="t">County liner and Cedar Vale commercial</subfield><subfield code="g">Nov. 6, 1925</subfield><subfield code="w">(DLC)sn 83040747</subfield></datafield><datafield ind1="1" ind2=" " tag="029"><subfield code="a">AU@</subfield><subfield code="b">000025802980</subfield></datafield></record>